@article{mallick2013commodity,
  title={Commodity prices, inflationary pressures, and monetary policy: evidence from BRICS economies},
  author={Mallick, Sushanta K and Sousa, Ricardo M},
  journal={Open Economies Review},
  volume={24},
  number={4},
  pages={677--694},
  year={2013},
  publisher={Springer}
}
@article{gubler2013commodity,
  title={Commodity price shocks and the business cycle: Structural evidence for the US},
  author={Gubler, Matthias and Hertweck, Matthias S},
  journal={Journal of International Money and Finance},
  volume={37},
  pages={324-352},
  year={2013},
  publisher={Elsevier}
}
@article{roch2017adjustment,
  title={The Adjustment to Commodity Price Shocks in Chile, Colombia, and Peru},
  author={Roch, Francisco},
  year={2017},
  publisher={International Monetary Fund}
}
@article{kilian2011energy,
  title={Do energy prices respond to US macroeconomic news? A test of the hypothesis of predetermined energy prices},
  author={Kilian, Lutz and Vega, Clara},
  journal={Review of Economics and Statistics},
  volume={93},
  number={2},
  pages={660--671},
  year={2011},
  publisher={MIT Press}
}
@book{kilian2017structural,
  title={Structural vector autoregressive analysis},
  author={Kilian, Lutz and L{\"u}tkepohl, Helmut},
  year={2017},
  publisher={Cambridge University Press}
}
@article{pfaff2013package,
  title={Package ‘vars’},
  year={2013},
  author={Pfaff, Bernhard}
}
@article{krueger2015bvarsv,
  title={bvarsv: Bayesian analysis of a vector autoregressive model with stochastic volatility and time-varying parameters},
  author={Krueger, Fabian},
  year={2015}
}